@book{wickham2023r,
  title={R for data science},
  author={Wickham, Hadley and {\c{C}}etinkaya-Rundel, Mine and Grolemund, Garrett},
  year={2023},
  publisher={" O'Reilly Media, Inc."}
}

@article{stevens1946theory,
  author    = {Stevens, Stanley Smith},
  title     = {On the Theory of Scales of Measurement},
  journal   = {Science},
  volume    = {103},
  number    = {2684},
  pages     = {677--680},
  year      = {1946},
  publisher = {American Association for the Advancement of Science},
  url       = {http://www.jstor.org/stable/1671815},
  note      = {Accessed: 30/09/2009 22:03}
}


@book{lee2020godeung,
  author    = {이경화},
  title     = {고등학교 실용통계},
  publisher = {통계청 통계교육원},
  year      = {2020}
}

@article{wiener1921new,
  author    = {Wiener, Norbert},
  title     = {A new theory of measurement: a study in the logic of mathematics},
  journal   = {Proceedings of the London Mathematical Society},
  volume    = {2},
  number    = {1},
  pages     = {181--205},
  year      = {1921}
}

@article{knuth84,
  author = {Knuth, Donald E.},
  title = {Literate Programming},
  year = {1984},
  issue_date = {May 1984},
  publisher = {Oxford University Press, Inc.},
  address = {USA},
  volume = {27},
  number = {2},
  issn = {0010-4620},
  url = {https://doi.org/10.1093/comjnl/27.2.97},
  doi = {10.1093/comjnl/27.2.97},
  journal = {Comput. J.},
  month = may,
  pages = {97–111},
  numpages = {15}
}


