%% This BibTeX bibliography file was created using BibDesk.
%% https://bibdesk.sourceforge.io/

%% Created for Nova de Hi at 2023-08-10 11:16:36 +0900 


%% Saved with string encoding Unicode (UTF-8) 


@string{j-electronic-library = {Electronic Library}}


@article{Allport:1992:OND,
	abstract = {{\TeX} is a well-known system for the production of
                 quality documents, offering the user a high degree of
                 sophistication in the specification of the final
                 format. It has companion packages (most notably
                 {\LaTeX}) which allow other document processing
                 activities, including the production of new fonts,
                 pictures and extended production systems. The project
                 discussed was aimed at rescuing the full power of
                 {\TeX} packages in the newly emerging X-Windows
                 technological context. The authors describe software
                 which was produced to take full advantage of the
                 facilities of both systems by translating {\TeX} output
                 into bit-mapped images which can then be displayed on
                 an X-terminal and mixed with such facilities as the
                 extra fonts available and bit-maps produced in the
                 X-environment. An interactive environment is defined
                 that gives the user flexibility in the creation of a
                 document of high quality with a friendly human-computer
                 interface, which allows the windowing environment to
                 give a new look to an old and well-tried system. (4
                 Refs.)},
	acknowledgement = ack-nhfb,
	affiliation = {Sch. of Comput. Sci., Birmingham Univ., UK},
	author = {G. Allport and P. Jarratt},
	bibdate = {Thu Sep 01 01:19:02 1994},
	bibsource = {http://www.math.utah.edu/pub/tex/bib/texbook3.bib},
	classification = {C6130D (Document processing techniques); C6180G (Graphical user interfaces); C7106 (Word processing)},
	coden = {ELLIDZ},
	fjournal = {Electronic Library},
	issn = {0264-0473},
	issn-l = {0264-0473},
	journal = j-ELECTRONIC-LIBRARY,
	keywords = {Bit-mapped images; Document processing; Fonts; Human-computer interface; Interactive environment; LaTeX; TeX; X-terminal; X-Windows},
	month = feb,
	number = {1},
	pages = {41--45},
	thesaurus = {Character sets; Graphical user interfaces; Interactive systems; Word processing},
	title = {The old and the new in document processing},
	volume = {10},
	year = {1992}}

@article{kimuycwung_hankwukphan_2003,
	abstract = {{POMS의} 우수한 효용성을 국내에서도 활용하기 위해 K-{POMS를} 제작하여 그 신뢰도와 타당도를 점검하였고 만족할 만한 수준의 신뢰도와 타당도를 확보하였다. K-{POMS의} 요인 특성은 {POMS와} 비교하여 놀랄 만큼 유사한 특징을 보여준다. 단지 혼란-당황의 요소가 확실하지 않고 그 항목들이 여러 감정 요인에 나뉘어 부하되는 요인 분석 결과는 한국인의 정서와 그 표현이 영어권과 다를 가능성을 시사한다. 임상적으로 다양한 집단과 다양한 연령에 대한 자료를 보완하면 정신측정학적으로 훨씬 용이하게 사용할 수 있을 것이다. 나아가 이 연구에 나타난 제한점을 넘어서 한국인의 정서에 맞는 척도 항목을 개발하고 이 연구에서 나타난 '무기력과 불확실성' 요인이 일관성 있는 특성인지를 확인하는 작업이 필요할 것으로 생각한다.},
	author = {{김의중} and {이상익} and {정도언} and {신민섭} and {윤인영}},
	date-modified = {2023-08-10 11:16:35 +0900},
	journal = {수면·정신생리},
	keywords = {kobib,POMS},
	number = {1},
	pages = {39--51},
	title = {한국판 기분상태척도(K-{POMS})의 표준화와 신뢰도와 타당도 평가},
	volume = {10},
	year = {2003}}
